@INPROCEEDINGS{haus2016, 
author={T. Haus and N. Prkut and K. Borovina and B. Maric and M. Orsag and S. Bogdan}, 
booktitle={2016 24th Mediterranean Conference on Control and Automation (MED)}, 
title={A novel concept of attitude control for large multirotor-UAVs based on moving mass control}, 
year={2016}, 
pages={832-839}, 
doi={10.1109/MED.2016.7536068}, 
month={June},}